@article{Antunes2014,
author = {Antunes, R. and Kvadsheim, P. H. and Lam, F. P. A. and Tyack, P. L. and Thomas, L. and Wensveen, P. J. and Miller, P. J. O.},
title = {{High thresholds for avoidance of sonar by free-ranging long-finned pilot whales (\emph{Globicephala melas})}},
journal = {Marine Pollution Bulletin},
volume = {83},
number = {1},
pages = {165--180},
year = {2014},
doi = {10.1016/j.marpolbul.2014.03.056}
}

@report{Baath2018,
title = {bayesboot: An Implementation of Rubin's (1981) Bayesian Bootstrap},
author = {Rasmus Bååth},
year = {2018},
publisher = {R package version 0.2.2},
url = {https://CRAN.R-project.org/package=bayesboot},
  }

@article{Beaumont2010,
title = {Approximate Bayesian computation in evolution and ecology},
author = {Beaumont, Mark A},
journal = {Annual Review of Ecology, Evolution, and Systematics},
volume = {41},
pages = {379--406},
year = {2010},
doi = {10.1146/annurev-ecolsys-102209-144621}
}

@article{Berga2019,
author = {Berga, Alba Solsona and Trickey, Jennifer S. and Rice, Ally and {\u{S}}irovi{\'{c}}, Ana and Roch, Marie A. and Paxton, Charles G. and Oedekoven, Cornelia S. and Wiggins, Sean M. and Hildebrand, John and Thomas, Len and Baumann-Pickering, Simone},
title = {{Potential impact of mid-frequency active sonar on whales from passive acoustic monitoring data}},
journal = {Journal of the Acoustical Society of America},
volume = {146},
number = {4},
pages = {2939},
year = {2019},
doi = {10.1121/1.5137205}
}

@techreport{Bouchet2020a,
author = {Bouchet, Phil J. and Harris, Catriona M. and Thomas, Len},
title = {{Simulating cetacean responses to sonar exposure within a Bayesian hierarchical modelling framework: Technical report}},
publisher = {Double MOCHA Report, 39 p.},
institution  = {University of St Andrews},
year = {2020}
}

@report{Bouchet2020b,
author = {Bouchet, Phil J. and Harris, Catriona and Thomas, Len},
title = {{Simulating cetacean responses to sonar exposure within a Bayesian hierarchical modelling framework - R code description}},
publisher = {Double MOCHA Report, 20 p.},
year = {2020}
}

@article{Cholewiak2018,
author = {Cholewiak, Danielle and Clark, Christopher W. and Ponirakis, Dimitri and Frankel, Adam and Hatch, Leila T. and Risch, Denise and Stanistreet, Joy E. and Thompson, Michael and Vu, Elizabeth and Van Parijs, Sofie M.},
title = {{Communicating amidst the noise: Modeling the aggregate influence of ambient and vessel noise on baleen whale communication space in a national marine sanctuary}},
journal = {Endangered Species Research},
volume = {36},
pages = {59--75},
year = {2018},
doi = {10.3354/esr00875}
}

@article{Clark2005,
title = {Why environmental scientists are becoming Bayesians},
author = {Clark, James S},
journal = {Ecology Letters},
volume = {8},
number = {1},
pages = {2--14},
year = {2005},
doi = {10.1111/j.1461-0248.2004.00702.x}
}

@article{Coggins2014,
author = {Coggins, Jr., Lewis G. and Bacheler, Nathan M. and Gwinn, Daniel C.},
title = {{Occupancy models for monitoring marine fish: A bayesian hierarchical approach to model imperfect detection with a novel gear combination}},
journal = {PLoS One},
volume = {9},
number = {9},
year = {2014},
doi = {10.1371/journal.pone.0108302}
}

@article{Costa2010,
author = {Costa, Daniel P. and Robinson, Patrick W. and Arnould, John P. Y. and Harrison, Autumn-Lynn and Simmons, Samantha E. and Hassrick, Jason L. and Hoskins, Andrew J. and Kirkman, Stephen P. and Oosthuizen, Herman and Villegas-Amtmann, Stella and Crocker, Daniel E.},
title = {{Accuracy of ARGOS locations of pinnipeds at-sea estimated using Fastloc GPS}},
journal = {PLoS One},
volume = {5},
number = {1},
pages = {e8677},
year = {2010}
}

@article{Cox2006,
author = {Cox, T.M., and Ragen, T.J. and Read, A.J. and Vos, E. and Baird, R.W. and Balcomb, K. and Barlow, J. and Caldwell, J. and Cranford, T. and Crum, L. and D'Amico, A. and D'Spain, G. and Fern{\'{a}}ndez, A. and Finneran, J. and Gentry, R. and Gerth, W. and Gulland, F. and Hildebrand, J. and Houser, D. and Hullar, T. and Jepson, P.D. and Ketten, D. and MacLeod, C.D. and Miller, P. and Moore, S. and Mountain, D. and Palka, D. and Ponganis, P. and Rommel, S. and Rowles, T. and Taylor, B. and Tyack, P. and Wartzok, D. and Gisiner, R. and Mead, J. and Benner, L.},
title = {{Understanding the impacts of anthropogenic sound on beaked whales}},
journal = {Journal of Cetacean Research and Management},
volume = {7},
number = {3},
pages = {177--187},
year = {2006}
}

@article{Damico2009b,
author = {Angela D'Amico, Robert C. Gisiner, Darlene R. Ketten, Jennifer A. Hammock, Chip Johnson, Peter L. Tyack, and James Mead},
title = {{Beaked whale strandings and naval exercises}},
journal = {Aquatic Mammals},
volume = {35},
number = {4},
pages = {452--472},
year = {2009},
doi = {10.1578/AM.35.4.2009.452}
}

@article{Damico2009,
author = {D'Amico, Angela and Pittenger, Richard},
title = {{A brief history of active sonar}},
journal = {Aquatic Mammals},
volume = {35},
number = {4},
pages = {426--434},
year = {2009},
doi = {10.1578/AM.35.4.2009.426}
}

@article{Denwood2016,
title = {{runjags}: An {R} Package Providing Interface Utilities, Model Templates, Parallel Computing Methods and Additional Distributions for {MCMC} Models in {JAGS}},
author = {Matthew J. Denwood},
journal = {Journal of Statistical Software},
year = {2016},
volume = {71},
number = {9},
pages = {1--25},
doi = {10.18637/jss.v071.i09}
}

@article{deQuiros2019,
author = {{de Quir{\'{o}}s}, Y. Bernaldo and Fernandez, A. and Baird, R. W. and Brownell, Jr., R. L. and de Soto, N. Aguilar and Allen, D. and Arbelo, M. and Arregui, M. and Costidis, A. and Fahlman, A. and Frantzis, A. and Gulland, F. M. D. and I{\~{n}}{\'{i}}guez, M. and Johnson, M. and Komnenou, A. and Koopman, H. and Pabst, D. A. and Roe, W. D. and Sierra, E. and Tejedor, M. and Schorr, G.},
title = {{Advances in research on the impacts of anti-submarine sonar on beaked whales}},
journal = {Proceedings of the Royal Society B: Biological Sciences},
volume = {286},
number = {1895},
pages = {20182533},
year = {2019},
doi = {10.1098/rspb.2018.2533}
}

@article{DeRuiter2013,
author = {DeRuiter, Stacy L. and Southall, Brandon L. and Calambokidis, John and Zimmer, Walter M. X. and Sadykova, Dinara and Falcone, Erin A. and Friedlaender, Ari S. and Joseph, John E. and Moretti, David and Schorr, Gregory S. and Thomas, Len and Tyack, Peter L.},
title = {{First direct measurements of behavioural responses by Cuvier's beaked whales to mid-frequency active sonar}},
journal = {Biology Letters},
volume = {9},
number = {4},
pages = {20130223},
year = {2013},
doi = {10.1098/rsbl.2013.0223}
}

@article{Dolman2015,
author = {Dolman, Sarah J. and Jasny, Michael},
title = {Evolution of marine noise pollution management},
year = {2015},
volume = {41},
issue = {4},
pages = {357--374},
journal = {Aquatic Mammals},
doi = {http://dx.doi.org/10.1578/AM.41.4.2015.357}
}

@article{Dolman2011,
author = {Dolman, Sarah J. and Evans, Peter G. H. and Notarbartolo-di-Sciara, Giuseppe and Frisch, Heidrun},
title = {{Active sonar, beaked whales and European regional policy}},
journal = {Marine Pollution Bulletin},
volume = {63},
number = {1},
pages = {27--34},
year = {2011},
doi = {10.1016/j.marpolbul.2010.03.034}
}

@article{Dorazio2016,
title={Bayesian data analysis in population ecology: motivations, methods, and benefits},
author={Dorazio, Robert M},
journal={Population Ecology},
volume={58},
number={1},
pages={31--44},
year={2016},
doi = {10.1007/s10144-015-0503-4}
}

@article{Erbe2019,
author = {Erbe, Christine and Marley, Sarah A. and Schoeman, Renée P. and Smith, Joshua N. and Trigg, Leah E. and Embling, Clare Beth},
title = {{The effects of ship noise on marine mammals: A review}},
journal = {Frontiers in Marine Science},
volume = {6},
pages = {606},
year = {2019},
doi = {10.3389/fmars.2019.00606}
}

@InBook{Erbe2018,
author = {Erbe, Christine and Dunlop, Rebecca and Dolman, Sarah},
year = {2018},
title = {Effects of noise on marine mammals},
bookTitle = {Effects of Anthropogenic Noise on Animals},
editor = {Slabbekoorn, H. and Dooling, R.J. and Popper, A.N. and Fay, R.R},
publisher = {Springer},
publisher-place = {New York},
pages = {277--309}
}

@article{Erbe2016,
author = {Erbe, Christine and Reichmuth, Colleen and Cunningham, Kane and Lucke, Klaus and Dooling, Robert},
title = {{Communication masking in marine mammals: A review and research strategy}},
journal = {Marine Pollution Bulletin},
volume = {103},
number = {1},
pages = {15--38},
year = {2016},
doi = {10.1016/j.marpolbul.2015.12.007}
}

@article{Falcone2017,
author = {Falcone, Erin A. and Schorr, Gregory S. and Watwood, Stephanie L. and DeRuiter, Stacy L. and Zerbini, Alexandre N. and Andrews, Russel D. and Morrissey, Ronald P. and Moretti, David J.},
title = {{Diving behaviour of Cuvier's beaked whales exposed to two types of military sonar}},
journal = {Royal Society Open Science},
year = {2017},
volume = {4},
issue = {8},
pages = {170629},
doi = {10.1098/rsos.170629}
}

@article{Fernandez2012,
author = {Fern{\'{a}}ndez, A. and Sierra, E. and Mart{\'{i}}n, V. and M{\'{e}}ndez, M. and Sacchinni, S. and de Quir{\'{o}}s, Y. Bernaldo and Andrada, M. and Rivero, M. and Quesada, O. and Tejedor, M.},
title = {{Last atypical beaked whales mass stranding in the Canary Islands (July, 2004)}},
journal = {Journal of Marine Science: Research {\&} Development},
volume = {2},
number = {2},
pages = {1--3},
year = {2012},
doi = {10.4172/2155-9910.1000107}
}

@article{Filadelfo2009,
author = {Filadelfo, Ronald and Mintz, Jonathon and Ketten, Darlene R.},
title = {{Correlating military sonar use with beaked whale mass strandings: What do the historical data show?}},
year = {2009},
journal = {Aquatic Mammals},
volume = {35},
number = {4},
pages = {435--444},
doi = {10.1578/AM.35.4.2009.435}
}

@article{Francis2013,
author = {Francis, Clinton D. and Barber, Jesse R.},
title = {{A framework for understanding noise impacts on wildlife: An urgent conservation priority}},
journal = {Frontiers in Ecology and the Environment},
volume = {11},
number = {6},
pages = {305--313},
year = {2013},
doi = {10.1890/120183}
}

@article{Friedlaender2016,
author = {Friedlaender, A. S. and Hazen, E. L. and Goldbogen, J. A. and Stimpert, A. K. and Calambokidis, J. and Southall, B. L.},
title = {{Prey-mediated behavioral responses of feeding blue whales in controlled sound exposure experiments}},
journal = {Ecological Applications},
volume = {26},
number = {4},
pages = {1075--1085},
year = {2016},
doi = {10.1002/15-0783}
}

@report{Gabry2019,
title = {bayesplot: Plotting for Bayesian Models},
author = {Jonah Gabry and Tristan Mahr},
year = {2019},
publisher = {R package version 1.7.0},
url = {https://cran.r-project.org/web/packages/bayesplot/index.html}
}

@Inbook{Gimenez2009,
author={Gimenez, Olivier and Morgan, Byron J.T. and Brooks, Stephen P.},
editor={Thomson, David L. and Cooch, Evan G. and Conroy, Michael J.},
title={Weak Identifiability in Models for Mark-Recapture-Recovery Data},
bookTitle={Modeling Demographic Processes In Marked Populations},
year={2009},
publisher={Springer US},
pages={1055--1067},
isbn={978-0-387-78151-8},
doi={10.1007/978-0-387-78151-8_48},
url={https://doi.org/10.1007/978-0-387-78151-8_48}
}

@article{Goldbogen2013,
author = {Goldbogen, Jeremy A. and Southall, Brandon L. and DeRuiter, Stacy L. and Calambokidis, John and Friedlaender, Ari S. and Hazen, Elliott L. and Falcone, Erin A. and Schorr, Gregory S. and Douglas, Annie and Moretti, David J. and Kyburg, Chris and McKenna, Megan F. and Tyack, Peter L.},
title = {{Blue whales respond to simulated mid-frequency military sonar}},
journal = {Proceedings of the Royal Society B: Biological Sciences},
year = {2013},
doi = {10.1098/rspb.2013.0657}
}

@article{Harris2018,
author = {Harris, Catriona M. and Thomas, Len and Falcone, Erin A. and Hildebrand, John and Houser, Dorian and Kvadsheim, Petter H. and Lam, Frans-Peter A. and Miller, Patrick J. O. and Moretti, David J. and Read, Andrew J. and Slabbekoorn, Hans and Southall, Brandon L. and Tyack, Peter L. and Wartzok, Douglas and Janik, Vincent M.},
	title = {{Marine mammals and sonar: Dose{-}response studies, the risk{-}disturbance hypothesis and the role of exposure context}},
journal = {Journal of Applied Ecology},
volume = {55},
number = {1},
pages = {396--404},
year = {2018},
doi = {10.1111/1365-2664.12955}
}

@Inbook{Harris2016,
author = {Harris, Catriona M. and Thomas, Len and Sadykova, Dina and DeRuiter, Stacy L. and Tyack, Peter L. and Southall, Brandon L. and Read, Andrew J. and Miller, Patrick J. O.},
title = {{The challenges of analyzing behavioral response study data: An overview of the MOCHA (Multi-study OCean Acoustics Human Effects Analysis) project}},
editor = {Popper, Arthur N. and Hawkins, Anthony},
pages = {399--407},
bookTitle = {The Effects of Noise on Aquatic Life {II}},
year = {2016},
publisher = {Springer, New York, NY}
}

@article{Harris2015,
author = {Harris, C. M. and Sadykova, D. and DeRuiter, S. L. and Tyack, P. L. and Miller, P. J. O. and Kvadsheim, P. H. and Lam, F. P. A. and Thomas, L.},
title = {{Dose response severity functions for acoustic disturbance in cetaceans using recurrent event survival analysis}},
journal = {Ecosphere},
volume = {6},
number = {11},
pages = {art236--14},
year = {2015},
doi = {10.1890/ES15-00242.1}
}

@article{Johnson2003,
title = {{A digital acoustic recording tag for measuring the response of wild marine mammals to sound}},
author = {Johnson, Mark P. and Tyack, Peter L.},
year = {2003},
journal = {IEEE Journal of Oceanic Engineering},
volume = {28},
issue = {1},
pages = {3--12},
doi = {10.1109/JOE.2002.808212}
}

@article{Joyce2020,
author = {Joyce, Trevor W. and Durban, John W. and Claridge, Diane E. and Dunn, Charlotte A. and Hickmott, Leigh S. and Fearnbach, Holly and Dolan, Karin and Moretti, David},
title = {{Behavioral responses of satellite tracked Blainville's beaked whales (\emph{Mesoplodon densirostris}) to mid-frequency active sonar}},
journal = {Marine Mammal Science},
volume = {36},
number = {1},
pages = {29--46},
year = {2020},
doi = {10.1111/mms.12624}
}

@book{Klein2003,
author = {Klein, John P. and Moeschberger, Melvin L.},
title = {{Survival Analysis: Techniques for Censored and Truncated Data}},
year = {2003},
publisher = {Springer-Verlag},
location = {New York, 536 p.},
doi = {10.1007/978-0-387-21645-4}
}

@book{Kruschke2010,
author = {Kruschke, John K.},
title = {{Doing Bayesian Data Analysis: A Tutorial with R and BUGS}},
year = {2015},
edition = {2},
publisher = {Academic Press},
location = {Oxford, 759 p.},
}

@book{King2009,
title = {Bayesian analysis for population ecology},
author = {King, Ruth and Morgan, Byron and Gimenez, Olivier and Brooks, Steve},
year = {2009},
publisher = {CRC Press},
location = {456 p.}
}

@article{Laplanche2015,
author = {Laplanche, Christophe and Marques, Tiago A. and Thomas, Len},
title = {{Tracking marine mammals in 3D using electronic tag data}},
journal = {Methods in Ecology and Evolution},
volume = {6},
number = {9},
pages = {987--996},
year = {2015},
doi = {10.1111/2041-210X.12373}
}

@article{McClintock2015,
author = {McClintock, Brett T. and London, Joshua M. and Cameron, Michael F. and Boveng, Peter L.},
title = {{Modelling animal movement using the Argos satellite telemetry location error ellipse}},
journal = {Methods in Ecology and Evolution},
volume = {6},
number = {3},
pages = {266--277},
year = {2015},
doi = {10.1111/2041-210X.12311}
}

@article{Miller2014,
author = {Miller, Patrick J. O. and Antunes, Ricardo N. and Wensveen, Paul J. and Samarra, Filipa I. P. and Alves, Ana Catarina and Tyack, Peter L. and Kvadsheim, Petter H. and Kleivane, Lars and Lam, Frans-Peter A. and Ainslie, Michael A. and Thomas, Len},
title = {{Dose-response relationships for the onset of avoidance of sonar by free-ranging killer whales}},
journal = {Journal of the Acoustical Society of America},
volume = {135},
number = {2},
pages = {975--993},
year = {2014},
doi = {10.1121/1.4861346}
}

@article{Moretti2014,
author = {Moretti, David and Thomas, Len and Marques, Tiago and Harwood, John and Dilley, Ashley and Neales, Bert and Shaffer, Jessica and McCarthy, Elena and New, Leslie and Jarvis, Susan and Morrissey, Ronald},
title = {{A risk function for behavioral disruption of Blainville{'}s beaked whales (Mesoplodon densirostris) from mid-frequency active sonar}},
journal = {PLoS One},
volume = {9},
number = {1},
pages = {e85064},
year = {2014},
doi = {10.1371/journal.pone.0085064}
}

@article{Pacini2011,
author = {Pacini, Aude F. and Nachtigall, Paul E. and Quintos, Christopher T. and Schofield, T. David and Look, Dera A. and Levine, Gregg A. and Turner, Jason P.},
title = {{Audiogram of a stranded Blainville's beaked whale (\emph{Mesoplodon densirostris}) measured using auditory evoked potentials}},
journal = {Journal of Experimental Biology},
volume = {214},
number = {14},
pages = {2409--2415},
year = {2011},
doi = {10.1242/jeb.054338}
}

@book{Parent2012,
author = {Parent, Eric and Rivot, Etienne},
title = {Introduction to Hierarchical Bayesian Modeling for Ecological Data},
year = {2012},
publisher = {Chapman-Hall CRC},
location = {427 p}
}

@article{Parsons2017,
author = {Parsons, E. C. M.},
title = {{Impacts of navy sonar on whales and dolphins: Now beyond a smoking gun?}},
journal = {Frontiers in Marine Science},
volume = {4},
pages = {295},
year = {2017},
doi = {10.3389/fmars.2017.00295}
}

@report{Plummer2019b,
title = {CODA: Convergence Diagnosis and Output Analysis for MCMC},
author = {Martyn Plummer and Nicky Best and Kate Cowles and Karen Vines},
year = {2019},
publisher = {R package version 19-3},
url = {https://cran.r-project.org/web/packages/coda/index.html}
}

@report{Plummer2019,
title = {rjags: Bayesian Graphical Models using MCMC},
author = {Martyn Plummer},
year = {2019},
publisher = {R package version 4-9},
url = {https://CRAN.R-project.org/package=rjags},
  }

@Manual{RDev2019,
title = {R: A Language and Environment for Statistical Computing},
author = {{R Core Team}},
organization = {R Foundation for Statistical Computing},
address = {Vienna, Austria},
year = {2019},
url = {https://www.R-project.org/},
  }

@report{Rinker2018,
title = {{pacman}: {P}ackage Management for {R}},
author = {Tyler W. Rinker and Dason Kurkiewicz},
publisher = {R package version 0.5.0},
year = {2018},
url = {http://github.com/trinker/pacman},
}

@article{Schick2019,
author = {Schick, Robert S. and Bowers, Matthew and DeRuiter, Stacey and Friedlaender, Ari and Joseph, John and Margolina, Tetyana and Nowacek, Douglas P. and Southall, Brandon L.},
title = {{Accounting for positional uncertainty when modeling received levels for tagged cetaceans exposed to sonar}},
journal = {Aquatic Mammals},
volume = {45},
number = {6},
pages = {675--690},
year = {2019},
doi = {10.1578/AM.45.6.2019.675}
}

@article{Schorr2014,
author = {Schorr, Gregory S. and Falcone, Erin A. and Moretti, David J. and Andrews, Russel D.},
title = {{First long-term behavioral records from Cuvier's beaked whales (\emph{Ziphius cavirostris}) reveal record-breaking dives}},
journal = {PLoS One},
volume = {9},
number = {3},
pages = {e92633},
year = {2014},
doi = {10.1371/journal.pone.0092633}
}

@article{Simonis2020,
author = {Simonis, Anne E. and BrownellRobert, Jr., L. and Thayre, Bruce J. and Trickey, Jennifer S. and Oleson, Erin M. and Huntington, Roderick and Baumann-Pickering, Simone},
title = {{Co-occurrence of beaked whale strandings and naval sonar in the Mariana Islands, Western Pacific}},
journal = {Proceedings of the Royal Society B},
year = {2020},
volume = {287},
issue = {1921},
pages = {20200070},
doi = {10.1098/rspb.2020.0070}
}

@article{Southall2019,
author = {Southall, Brandon L. and DeRuiter, Stacy L. and Friedlaender, Ari and Stimpert, Alison K. and Goldbogen, Jeremy A. and Hazen, Elliott and Casey, Caroline and Fregosi, Selene and Cade, David E. and Allen, Ann N. and Harris, Catriona M. and Schorr, Greg and Moretti, David and Guan, Shane and Calambokidis, John},
title = {{Behavioral responses of individual blue whales (\emph{Balaenoptera musculus}) to mid-frequency military sonar}},
journal = {Journal of Experimental Biology},
volume = {222},
number = {5},
year = {2019},
pages = {jeb190637},
doi = {10.1242/jeb.190637}
}

@article{Southall2016,
year = {2016},
author = {Southall, Brandon L. and Nowacek, Douglas P. and Miller, Patrick J. O. and Tyack, Peter L.},
title = {{Experimental field studies to measure behavioral responses of cetaceans to sonar}},
journal = {Endangered Species Research},
volume = {31},
pages = {293--315},
doi = {10.3354/esr00764}
}

@article{Stimpert2014,
author = {Stimpert, A. K. and DeRuiter, S. L. and Southall, B. L. and Moretti, D. J. and Falcone, E. A. and Goldbogen, J. A. and Friedlaender, A. and Schorr, G. S. and Calambokidis, J.},
title = {{Acoustic and foraging behavior of a Baird's beaked whale, \emph{Berardius bairdii}, exposed to simulated sonar}},
journal = {Scientific Reports},
volume = {4},
number = {7031},
pages = {1--8},
year = {2014},
doi = {10.1038/srep07031}
}

@article{Tenan2014,
author = {Tenan, Simone and O{'}Hara, Robert B. and Hendriks, Iris and Tavecchia, Giacomo},
title = {{Bayesian model selection: The steepest mountain to climb}},
journal = {Ecological Modelling},
volume = {283},
pages = {62--69},
year = {2014},
doi = {10.1016/j.ecolmodel.2014.03.017}
}

@article{Tyack2019,
author = {Tyack, Peter L. and Thomas, Len},
title = {{Using dose--response functions to improve calculations of the impact of anthropogenic noise}},
journal = {Aquatic Conservation: Marine and Freshwater Ecosystems},
volume = {29},
number = {S1},
pages = {242--253},
year = {2019},
doi = {10.1002/aqc.3149}
}

@article{Tyack2011,
author = {Tyack, Peter L. and Zimmer, Walter M. X. and Moretti, David and Southall, Brandon L. and Claridge, Diane E. and Durban, John W. and Clark, Christopher W. and D'Amico, Angela and DiMarzio, Nancy and Jarvis, Susan and McCarthy, Elena and Morrissey, Ronald and Ward, Jessica and Boyd, Ian L.},
title = {{Beaked whales respond to simulated and actual Navy sonar}},
journal = {PLoS One},
volume = {6},
number = {3},
pages = {e17009},
year = {2011},
doi = {10.1371/journal.pone.0017009}
}

@article{Tyack2008,
author = {Tyack, Peter L.},
title = {{Implications for marine mammals of large-scale changes in the marine acoustic environment}},
journal = {Journal of Mammalogy},
volume = {89},
number = {3},
pages = {549--558},
year = {2008},
doi = {10.1644/07-MAMM-S-307R.1}
}

@article{Tyson2012,
author = {Tyson, Reny B. and Friedlaender, Ari S. and Ware, Colin and Stimpert, Alison K. and Nowacek, Douglas P.},
title = {{Synchronous mother and calf foraging behaviour in humpback whales \emph{Megaptera novaeangliae}: Insights from multi-sensor suction cup tags}},
journal = {Marine Ecology Progress Series},
volume = {457},
pages = {209--220},
year = {2012},
doi = {10.3354/meps09708}
}

@article{Vincent2002,
author = {Vincent, C{\'{e}}cile and McConnell, Bernie J. and Ridoux, Vincent and Fedak, Michael A.},
title = {{Assessment of ARGOS location accuracy from satellite tags deployed on captive gray seals}},
journal = {Marine Mammal Science},
volume = {18},
number = {1},
pages = {156--166},
year = {2002},
doi = {10.1111/j.1748-7692.2002.tb01025.x}
}

@article{vonBendaBeckmann2019,
author = {{von Benda-Beckmann}, A. M. and Wensveen, P. J. and Prior, M. and Ainslie, M. A. and Hansen, R. R. and Isojunno, S. and Lam, F. P. A. and Kvadsheim, P. H. and Miller, P. J. O.},
title = {{Predicting acoustic dose associated with marine mammal behavioural responses to sound as detected with fixed acoustic recorders and satellite tags}},
journal = {Journal of the Acoustical Society of America},
volume = {145},
number = {3},
pages = {1401},
year = {2019},
doi = {10.1121/1.5093543}
}

@article{Weilgart2007,
author = {Weilgart, L.S.},
title = {{The impacts of anthropogenic ocean noise on cetaceans and implications for management}},
journal = {Canadian Journal of Zoology},
year = {2007},
volume = {85},
issue = {11},
pages = {1091--1116},
doi = {10.1139/Z07-101}
}

@article{Wensveen2019,
author = {Wensveen, Paul J. and Isojunno, Saana and Hansen, Rune R. and von Benda-Beckmann, Alexander M. and Kleivane, Lars and van IJsselmuide, Sander and Lam, Frans-Peter A. and Kvadsheim, Petter H. and DeRuiter, Stacy L. and Cur{\ifmmode\acute{e}\else\'{e}\fi}, Charlotte and Narazaki, Tomoko and Tyack, Peter L. and Miller, Patrick J. O.},
title = {{Northern bottlenose whales in a pristine environment respond strongly to close and distant navy sonar signals}},
journal = {Proceedings of the Royal Society B},
year = {2019},
volume = {286},
issue = {1899},
pages = {20182592},
doi = {10.1098/rspb.2018.2592}
}

@thesis{Wensveen2016,
author = {Wensveen, Paul}, 
title = {Detecting, asessing, and mitigating the effect of naval sonar on cetaceans},
institution = {University of St Andrews},
year = {2016},
pages = {269}
}

@article{Williams2015,
author = {Williams, R. and Wright, A. J. and Ashe, E. and Blight, L. K. and Bruintjes, R. and Canessa, R. and Clark, C. W. and Cullis-Suzuki, S. and Dakin, D. T. and Erbe, C. and Hammond, P. S. and Merchant, N. D. and O'Hara, P. D. and Purser, J. and Radford, A. N. and Simpson, S. D. and Thomas, L. and Wale, M. A.},
title = {{Impacts of anthropogenic noise on marine life: Publication patterns, new discoveries, and future directions in research and management}},
journal = {Ocean {\&} Coastal Management},
volume = {115},
pages = {17--24},
year = {2015},
doi = {10.1016/j.ocecoaman.2015.05.021}
}

@Article{Youngflesh2018,
title = {MCMCvis: Tools to visualize, manipulate, and summarize MCMC output},
author = {Casey Youngflesh},
year = {2018},
journal = {Journal of Open Source Software},
volume = {3},
number = {24},
doi = {10.21105/joss.00640},
pages = {640}
}